@online{UNM2520,
  author = {UNM Regents},
  title = {Administrative Policies and Procedures Manual - {Policy 2520}: Computer
    Security Controls and Access to Sensitive and Protected Information},
  year = 2011,
  url = {https://policy.unm.edu/university-policies/2000/2520.html},
  urldate = {2015-06-09}
}
